%% LaTeX2e file `cv_ds- own-bib.bib'
%% generated by the `filecontents' environment
%% from source `cv_ds' on 2024/06/18.
%%
@article{jmp2024,
  author = {Iyer, Peter},
  year = {2024},
  title = {Effect of minimum wage reform on reservation wages}
}
